@article{gene_network,
    author = {Seiya Imoto and Satoru Miyano and Hiroshi Matsuno}, 
    title = {Gene Networks: Estimation, Modeling, and Simulation},
    year = {2006}
}

@article{bloch_sphere,
    author = {Stefan Heusler and Paul Schlummer and Malte S. Ubben},
    title = {A Knot Theoretic Extension of the Bloch Sphere Representation for Qubits in Hilbert Space and Its Application to Contextuality and Many-Worlds Theories},
    year = {2020}
}

@article{quant_rep_BN,
  title={Quantum circuit representation of Bayesian networks},
  author={Borujeni, Sima E and Nannapaneni, Saideep and Nguyen, Nam H and Behrman, Elizabeth C and Steck, James E},
  journal={Expert Systems with Applications},
  volume={176},
  pages={114768},
  year={2021},
  publisher={Elsevier}
}


@article{RB_Pollution,
    author = {Christophe Gonzales},
    title = {Les réseaux bayésiens},
    year = {2018}
}

@article{FouillesMassivesSoins,
    author = {Dimeglio, Chloé, et al.},
    title = {Utilisation des réseaux bayésiens comme technique de fouille de données massives – application à des données de recours aux soins},
    year = {2017}
}

@inproceedings{grover1996fast,
  title={A fast quantum mechanical algorithm for database search},
  author={Grover, Lov K},
  booktitle={Proceedings of the twenty-eighth annual ACM symposium on Theory of computing},
  pages={212--219},
  year={1996}
}

@article{low2014quantum,
  title={Quantum inference on Bayesian networks},
  author={Low, Guang Hao and Yoder, Theodore J and Chuang, Isaac L},
  journal={Physical Review A},
  volume={89},
  number={6},
  pages={062315},
  year={2014},
  publisher={APS}
}
