@inproceedings{grover1996fast,
  title={A fast quantum mechanical algorithm for database search},
  author={Grover, Lov K},
  booktitle={Proceedings of the twenty-eighth annual ACM symposium on Theory of computing},
  pages={212--219},
  year={1996}
}

@article{brassard2002quantum,
  title={Quantum amplitude amplification and estimation},
  author={Brassard, Gilles and Hoyer, Peter and Mosca, Michele and Tapp, Alain},
  journal={Contemporary Mathematics},
  volume={305},
  pages={53--74},
  year={2002},
  publisher={Providence, RI; American Mathematical Society; 1999}
}

@article{borujeni2021quantum,
  title={Quantum circuit representation of Bayesian networks},
  author={Borujeni, Sima E and Nannapaneni, Saideep and Nguyen, Nam H and Behrman, Elizabeth C and Steck, James E},
  journal={Expert Systems with Applications},
  volume={176},
  pages={114768},
  year={2021},
  publisher={Elsevier}
}

@article{low2014quantum,
  title={Quantum inference on Bayesian networks},
  author={Low, Guang Hao and Yoder, Theodore J and Chuang, Isaac L},
  journal={Physical Review A},
  volume={89},
  number={6},
  pages={062315},
  year={2014},
  publisher={APS}
}

